<?xml version="1.0" encoding="UTF-8"?><collection xmlns="http://www.loc.gov/MARC21/slim"><record><leader>00396nam--2200145-i-4500</leader><controlfield tag="001">000039836</controlfield><controlfield tag="002">20161230</controlfield><controlfield tag="005">20161230201042</controlfield><controlfield tag="008">060222s1000------------r-----000-0-eng-d</controlfield><datafield ind1=" " ind2=" " tag="080"><subfield code="a">114:13</subfield></datafield><datafield ind1=" " ind2=" " tag="100"><subfield code="a">Rucker,Rudy</subfield></datafield><datafield ind1=" " ind2=" " tag="245"><subfield code="a">Infinity and the mind the science and philosophy of the infinite</subfield></datafield><datafield ind1=" " ind2=" " tag="260"><subfield code="a">Boston, Birkhauser, 1982. 342 P</subfield></datafield><datafield ind1=" " ind2=" " tag="852"><subfield code="a">71356</subfield><subfield code="c">511.2</subfield></datafield><datafield ind1=" " ind2=" " tag="CAT"><subfield code="a">Sys</subfield><subfield code="c">20080506</subfield><subfield code="h">133733</subfield></datafield></record></collection>